@book{Nahuel19,
author = "Nahuel Foresta",
title = "La mia autobiografia",
publisher = "Splinter",
edition = "2a edizione",
year = "2019",
}